3934 6058
151 173 210 235 so
1432 183 1435 195 ν
1484 249 1486 254 ,
1803 157 1863 220 ra

152 291 1860 333 W
1946 321 1947 336 Ν

552 877 905 1032 INilliX
990 872 1467 1032 iNiliCUM

773 1228 902 1286 metuo
923 1226 1096 1287 mutuatis
1114 1226 1247 1287 uuulun

358 1483 553 1576 OMNES
583 1485 653 1570 ΕΤ
682 1480 975 1571 SINGULOS
1005 1477 1392 1569 PluttOLOGiAE
1420 1477 1653 1569 INDICES.

192 2023 502 2100 Nors.1ndexille,
532 2023 587 2103 qui
612 2019 750 2102 primum
779 2017 875 2099 hujus
903 2016 992 2079 seriei
1019 2015 1125 2079 locum
1152 2017 1285 2094 obtinet,
1314 2035 1386 2079 cum
1410 2017 1479 2097 jam
1507 2035 1604 2098 supra
1630 2017 1725 2081 inerit
1756 2037 1858 2100 expo·

152 2147 240 2220 situs,
272 2162 336 2206 non
365 2147 412 2204 est
445 2139 496 2202 hic
524 2140 639 2200 iterum
682 2133 880 2214 repetendus.
908 2135 1018 2214 ltaque
1045 2135 1157 2196 Lector
1184 2134 1277 2196 adeat
1303 2151 1378 2213 pag.
1407 2149 1464 2196 ¹111
1502 2133 1699 2197 Praeiatioois
1729 2140 1861 2209 nostrae,

151 2267 183 2325 ei
197 2260 248 2322 hic
262 2257 381 2341 duplici
394 2256 554 2328 idiomate,
572 2252 691 2318 Gallico
705 2249 823 2314 scilicet
837 2255 869 2311 et
884 2250 1005 2325 Latino,
1017 2249 1154 2330 reperiet
1169 2253 1343 2314 exaratum.

597 2863 873 2956 MONITUM
901 2860 1037 2950 OilBI
1064 2857 1414 2950 CATHOLICQ

577 3147 617 3192 All
637 3145 796 3192 ustvrtsts
817 3143 966 3198 tutusoutt
991 3140 1129 3188 essionis
1150 3139 1334 3187 nourlssruts
1355 3139 1445 3188 title.

194 3419 225 3475 Sl
253 3421 427 3490 quaeratura
454 3415 538 3472 uobis
552 3429 635 3485 quem
651 3410 687 3469 ob
700 3427 758 3469 rant
772 3415 893 3484 primam
909 3410 1039 3468 omniurn
1061 3409 1198 3467 Tabulam
1212 3410 1317 3468 Gallice
1331 3410 1510 3482 exhibemus,
1528 3429 1564 3472 en
1579 3414 1703 3487 ingenua
1717 3420 1867 3493 responsio

160 3516 268 3568 nostra.
283 3507 331 3564 Sic
345 3505 464 3578 egimus.

198 3599 225 3654 10
240 3597 311 3666 Quia
326 3595 495 3665 patrologiae
522 3591 625 3649 Corsos
638 3590 787 3662 completus
813 3590 844 3647 in
858 3587 949 3649 Gallia
976 3588 1069 3650 iucem
1081 3589 1151 3647 vidit
1168 3615 1175 3660 ;
1190 3590 1256 3663 quia
1270 3591 1437 3664 nosmetipsi
1451 3591 1524 3652 Galli
1538 3608 1654 3664 sumus;
1670 3595 1867 3668 gundomum

163 3703 261 3746 eorum
289 3684 337 3757 qui
365 3685 483 3742 nomina
510 3681 650 3740 dederunt
679 3681 769 3752 major
795 3694 930 3736 numerus
958 3681 989 3736 in
1003 3679 1096 3737 Gallia
1123 3680 1276 3737 invenitur.
1293 3679 1365 3738 ilinc
1380 3681 1451 3738 miro
1466 3681 1587 3741 facilites
1601 3683 1632 3742 in
1648 3685 1733 3744 rebus
1747 3687 1866 3746 inseeti-

75 3776 77 3786 '
163 3775 266 3849 gandia
290 3774 372 3832 obria
397 3773 498 3844 cuique
526 3770 691 3827 brevissima
707 3769 840 3840 temporis
855 3775 998 3826 momenta
1015 3770 1060 3825 rix
1073 3768 1200 3840 habenti,
1215 3776 1241 3826 et
1256 3770 1286 3826 in
1302 3770 1403 3842 primis
1417 3768 1462 3827 hia
1472 3787 1530 3830 non
1545 3773 1644 3846 paucis
1658 3775 1709 3846 qui
1733 3789 1877 3835 vernacu-

163 3864 222 3922 iam
232 3862 370 3934 linguan,
385 3869 414 3918 ut
428 3861 470 3933 iit,
481 3859 568 3918 eitius
581 3873 615 3916 ac
630 3856 731 3914 molius
742 3856 868 3915 obsoleto
883 3856 1016 3914 idiomate
1031 3857 1176 3914 intellectu
1188 3859 1324 3932 capiunt;

199 3953 230 4010 2·
257 3951 335 4020 Quod
361 3966 432 4023 pena
459 3948 581 4006 universi
602 3947 652 4004 siri
678 3947 763 4015 docti,
781 3947 810 4002 in
826 3961 993 4018 quacunque
1020 3947 1135 4018 regione
1163 3963 1226 4020 qua
1245 3946 1298 4004 sub
1327 3948 1399 4006 cralo
1424 3953 1477 4021 est,
1490 3949 1551 4021 jam
1570 3951 1878 4024 intelligantautmox

165 4040 303 4097 Gallicam
320 4039 444 4110 linguam
462 4036 644 4109 iintelligent.
661 4035 731 4094 inde
746 4035 816 4091 ratio
831 4037 912 4106 quasi
927 4035 1105 4106 universalis,
1122 4050 1175 4092 nac
1202 4051 1260 4092 non
1284 4037 1443 4108 expeditior
1457 4040 1504 4097 via
1522 4039 1688 4099 omnimoda
1709 4049 1880 4113 argumenta

164 4128 383 4203 perscrutandi;

198 4219 228 4276 30
243 4218 382 4284 Quoniam
412 4215 519 4273 Gallica
534 4215 640 4286 lingua,
659 4230 715 4285 prae
743 4214 843 4270 Latina
856 4213 958 4271 clarior
973 4221 1000 4271 ot
1015 4214 1111 4298 minus
1138 4213 1282 4285 ambigua,
1300 4213 1411 4273 ielioius
1437 4219 1535 4275 omnia
1549 4227 1716 4292 arguments
1738 4221 1874 4296 exprimis

163 4323 226 4381 uum
241 4305 411 4378 Peirologiae
425 4304 526 4360 Curres
540 4303 736 4374 complecitur.
754 4303 826 4359 ilino
842 4302 1038 4375 indagationes
1052 4301 1210 4360 faciliorem
1225 4302 1332 4360 exitum
1348 4303 1494 4364 habebunt
1510 4323 1518 4378 ;

198 4397 227 4454 10
240 4395 311 4462 Ouia
339 4394 453 4452 tandem
483 4391 544 4450 lraec
572 4389 667 4450 tabula
696 4388 804 4447 Gallice
831 4397 944 4447 exarata
970 4397 1115 4448 auctorem
1130 4390 1259 4462 agnoseit
1287 4392 1377 4449 sirum
1398 4394 1541 4467 insignem
1560 4394 1635 4454 inter
1652 4397 1875 4465 catholieos,ac

162 4485 198 4544 de
227 4490 323 4544 nostro
349 4480 487 4552 reiigione
514 4478 586 4536 beno
607 4477 750 4547 meritum,
766 4483 827 4535 tum
855 4493 987 4548 numero,
1012 4484 1072 4538 tum
1100 4478 1299 4550 amplitudine,
1315 4495 1381 4539 cum
1407 4483 1570 4554 prestantia
1593 4499 1723 4559 operum,
1739 4485 1875 4547 doctison-

173 4589 254 4633 mum
268 4573 377 4632 seilicet
391 4571 426 4628 D.
442 4570 592 4638 Bennetty,
608 4575 752 4638 auctorem
768 4575 795 4625 et
809 4576 969 4627 curatorem
994 4570 1113 4626 duarum
1141 4566 1343 4627 collectionum
1363 4570 1467 4642 quibus
1483 4571 1600 4631 titulus:
1618 4573 1645 4629 10
1674 4575 1793 4636 Annam
1806 4576 1873 4648 pei.

181 4663 302 4738 osoplu'ae
329 4661 494 4718 christianae
518 4675 529 4722 ,·
555 4659 722 4716 perversitas
749 4657 894 4715 catholica.
924 4656 991 4729 Ejus
1019 4657 1157 4728 singulari
1183 4656 1339 4729 diligentiae
1367 4659 1422 4717 hoe
1449 4660 1562 4734 insigne
1590 4677 1694 4720 munus
1723 4673 1872 4736 acceptum

160 4752 322 4822 tolerinus,
338 4751 412 4824 quod
440 4749 520 4821 quasi
548 4747 725 4819 propyiaeum
737 4747 772 4803 ad
793 4746 962 4805 Christiana
989 4746 1152 4805 traditionis
1167 4747 1296 4805 redivivae
1311 4757 1530 4809 monumentum
1544 4751 1607 4808 orbi
1622 4750 1764 4812 catholieo
1783 4754 1870 4811 tradi.

161 4857 509 4988 mliliatitctia'Parisiorum
525 4941 562 4984 xv
578 4924 637 4980 itai.
654 4923 760 4996 Aprilis
776 4924 854 4980 leuc.
1553 4927 1583 4986 L.
1603 4928 1706 4991 Mrem.
