3934 6058
91 1303 1788 1553 cluuonocruuluruu.

607 2199 876 2349 ‚unus
929 2195 1245 2310 rnron.

278 2545 763 2702 INDICES
847 2543 1593 2702 GENERALES.

728 3311 927 3402 suiuus
956 3313 1149 3404 PRIMA.

257 3613 585 3746 lNDlCES
635 3611 1107 3748 GENllliALllS
1149 3611 1626 3760 AUCTORUM,
1707 3729 1711 3736 .

133 4279 234 4342 Series
276 4279 346 4342 haec
385 4278 488 4361 prime
522 4277 673 4342 tredecim
710 4275 932 4359 complectitur
972 4276 1104 4353 Indices,
1135 4277 1250 4358 quibus
1290 4295 1399 4340 omnes
1433 4284 1464 4342 et
1499 4277 1615 4360 singuli
1640 4285 1795 4358 unctores,

101 4411 228 4472 quornm
257 4393 375 4476 scripte
402 4395 451 4458 vel
487 4395 583 4456 etiem
612 4393 742 4456 minime
783 4392 816 4455 iu
852 4397 960 4454 nostro
996 4391 1181 4475 Petroloyr'e
1207 4393 1326 4456 Lctr'oae
1375 4412 1469 4457 cursu
1497 4396 1707 4477 reperiuntur,
1736 4397 1796 4459 sub

101 4527 295 4590 quocumque
332 4509 476 4591 respectu
514 4508 697 4573 hectoribns
738 4507 830 4571 iscile
863 4505 1074 4570 innotescunt.
1125 4507 1294 4572 llnimvero
1343 4509 1479 4572 vicissim
1518 4509 1703 4573 exhibemus
1742 4513 1794 4574 ln-

100 4624 177 4688 dices
215 4624 452 4706 alphabeticum
494 4631 526 4688 et
575 4624 846 4705 chronologicum,
889 4623 1076 4688 stetisticum
1118 4630 1150 4687 et
1204 4624 1447 4701 hierarchicum,
1484 4625 1724 4707 biographicum
1765 4632 1798 4689 ct

100 4741 299 4822 analyticum,
343 4745 402 4802 etc.
445 4746 504 4802 etc.
543 4745 617 4816 ete,
660 4739 747 4802 velut
781 4739 895 4819 cuique
933 4739 1005 4802 illos
1044 4739 1200 4803 evolventi
1235 4740 1367 4821 patebit.
1397 4741 1448 4806 Sic
1489 4741 1716 4804 famulantibus
1749 4739 1798 4803 his

99 4853 266 4927 indicibus,
295 4854 429 4934 quisque
458 4857 569 4917 Lector
610 4872 800 4933 cognoscere
842 4853 958 4935 poterit
986 4855 1056 4934 quis
1085 4854 1125 4916 sit
1157 4854 1230 4916 tulis
1262 4855 1373 4918 talisve
1410 4857 1554 4937 scriptor,
1583 4855 1673 4936 cujus
1701 4875 1799 4937 opere

103 4969 254 5048 optaverit
280 4969 414 5049 legende
448 4987 456 5042 3
486 4988 550 5050 qno
588 4969 701 5031 vixerit
724 4975 895 5050 tempore;
925 4969 1009 5031 nude
1045 4969 1086 5032 sit
1120 4970 1302 5044 oriundus,
1331 4989 1396 5051 qun
1432 4971 1526 5034 luerit
1560 4971 1727 5051 insignitus
1750 4973 1798 5034 di-

103 5083 237 5160 gnitate3
254 5088 421 5162 quenteet
447 5083 555 5163 qualis
581 5083 644 5145 sint
673 5082 920 5164 uniuscujusque
948 5100 1070 5164 opere;
1098 5100 1140 5145 en
1167 5102 1186 5144 e
1215 5083 1276 5146 lide
1305 5083 1484 5145 orthodoxe
1513 5102 1653 5165 uuquam
1676 5085 1800 5148 eborre-

102 5197 187 5277 verit,
203 5203 262 5260 etc.
279 5203 338 5261 etc.
354 5204 414 5260 etc.

138 5331 259 5396 llxhec
287 5331 385 5412 igitur
419 5334 522 5416 prime
562 5331 641 5394 serie
680 5333 819 5394 maxime
846 5336 894 5393 est
917 5331 1035 5394 utilites
1062 5333 1185 5394 Lectori
1229 5332 1443 5413 percipiendo,
1468 5339 1500 5396 ct
1520 5327 1641 5396 Indices
1676 5333 1723 5396 illi
1745 5353 1802 5416 op·

106 5454 234 5528 ponnus
261 5455 492 5530 preponuntur
520 5447 609 5529 operi
636 5447 710 5509 huic
738 5446 899 5527 giganteo,
925 5446 1011 5525 quod
1040 5448 1167 5509 tandem
1197 5447 1271 5509 viris
1302 5446 1450 5509 studiosis
1482 5454 1514 5510 et
1550 5449 1687 5546 scientim
1725 5448 1803 5512 smi-

109 5563 147 5624 cis
177 5565 348 5640 offerimus,
379 5564 493 5645 cuique
529 5581 698 5638 summam,
726 5565 790 5624 Deo
825 5561 982 5640 adjutore,
1015 5580 1148 5642 propere
1176 5567 1207 5622 et
1247 5579 1398 5641 prospere
1430 5569 1610 5643 retegemus
1641 5563 1805 5646 imponere

109 5695 241 5744 menum.
