3978 6076
125 198 1836 252 Μ

456 465 787 624 runroun
829 431 1106 624 sanius
1148 397 1509 624 sueonos

857 775 1115 835 cooperaberis

268 1009 642 1111 TABULAS
699 1014 1124 1114 DUODECIM
1180 1015 1691 1115 GENERALES.

168 1551 273 1615 Series
302 1551 371 1615 baec
399 1553 719 1618 secundaduodecim
747 1555 949 1636 generalibus
976 1552 1060 1618 circa
1087 1572 1184 1636 opera
1200 1560 1231 1616 et
1245 1555 1398 1636 opuscola
1419 1553 1610 1634 Patrologim
1637 1554 1746 1619 latine
1763 1574 1839 1620 con·

129 1649 230 1712 stabit
257 1650 428 1714 lodicibus.
472 1654 583 1715 Omnia
622 1653 675 1716 bic
707 1672 804 1736 opera
831 1654 941 1716 ordine
967 1661 1034 1717 tum
1058 1653 1333 1716 scholastico
1362 1660 1394 1716 st
1417 1655 1739 1730 unhououuutcu,
1766 1661 1834 1718 tum

124 1749 346 1812 SYNOPl’lCO
361 1755 393 1812 et
406 1752 638 1816 ANALOGICO
663 1753 798 1815 vicissim
810 1751 1005 1815 evolventur.
1017 1751 1171 1831 Deinceps
1186 1749 1406 1814 exhibebimus
1422 1751 1530 1814 omnia
1553 1753 1672 1834 scripta
1688 1753 1764 1816 cleri
1775 1759 1842 1816 tam

125 1845 284 1925 regularis
310 1865 407 1928 quam
437 1849 608 1925 saecularis,
637 1869 760 1912 necnon
784 1857 950 1912 auctorum
989 1848 1154 1926 laicorum,
1185 1850 1279 1909 simul
1308 1867 1345 1909 ac
1373 1849 1490 1930 scripta
1523 1867 1694 1930 anonyma,
1724 1851 1833 1925 dubia,

122 1944 312 2024 apocrypha
327 1945 603 2026 velsupposititia.
628 1949 783 2009 Proeterea
811 1948 891 2010 duos
920 1945 1067 2008 dabimus
1094 1943 1361 2024 bibliographieos
1384 1945 1514 2019 indices,
1540 1945 1655 2026 quibas
1682 1948 1837 2010 recentio-

125 2059 199 2104 rum
215 2059 312 2121 opera
327 2041 366 2104 de
381 2044 587 2126 scriptoribus
602 2045 832 2120 ecclesiasticis,
848 2044 968 2107 scilicet
996 2043 1226 2114 commentarii,
1248 2045 1378 2115 notitiae,
1392 2044 1596 2122 prefationes
1623 2049 1655 2106 et
1684 2045 1839 2108 editiones

126 2138 225 2200 variae
240 2137 446 2202 innotescent.
463 2142 614 2219 Tandem,
632 2142 718 2204 velut
740 2143 838 2224 giges,
857 2141 1114 2205 eminebitlndex
1127 2139 1284 2221 generalis
1313 2143 1454 2204 ltllltUM
1470 2143 1657 2223 analyticus,
1675 2161 1738 2224 quo
1762 2161 1838 2206 con.

124 2235 225 2310 salto,
269 2235 423 2318 quidquid
447 2256 511 2301 oon
548 2239 651 2302 solum
679 2240 752 2302 talis
776 2239 887 2302 talisve
909 2241 1015 2314 Pater,
1043 2257 1152 2299 verum
1182 2238 1276 2299 etiam
1305 2239 1521 2320 unnsquisque
1545 2242 1686 2316 Petrum,
1717 2240 1837 2322 absquo

123 2334 193 2396 ulla
220 2336 419 2416 exceptione,
447 2337 479 2398 in
509 2338 674 2418 quodlibet
713 2339 823 2402 thema
859 2337 1030 2419 scripserit,
1069 2356 1134 2399 uuo
1155 2335 1270 2398 intuitu
1300 2337 1521 2417 conspicietur.
1551 2335 1708 2412 Posthoec,
1745 2338 1832 2401 velut

125 2429 222 2509 hujus
236 2431 329 2494 seriei
343 2433 480 2508 coronis,
496 2435 731 2498 CONCORDIAE
754 2435 838 2498 iuter
859 2435 996 2497 binoset
1022 2431 1188 2514 Theolopie
1215 2439 1247 2496 et
1273 2431 1456 2515 Potrotopr'e
1486 2433 1597 2498 Corsos
1625 2435 1836 2516 subsequetur

125 2527 280 2604 indsx,in
296 2547 360 2610 quo
383 2531 503 2594 scilicet
530 2532 617 2594 saria
641 2539 830 2613 argumenta
852 2533 891 2594 de
920 2532 1035 2613 quibus
1062 2531 1128 2610 agit
1153 2529 1325 2610 theologia,
1355 2531 1480 2609 scripsit
1510 2532 1558 2592 vel
1585 2531 1663 2593 locis
1681 2531 1835 2594 illustrio-

125 2625 215 2688 ribus
231 2628 359 2690 l‘atrum
375 2629 592 2706 corroborata,
607 2631 711 2711 logico
728 2630 947 2694 exhibebimus
957 2628 1079 2704 ordine,
1096 2628 1384 2708 utriusquetlursus
1399 2635 1520 2690 tomam
1550 2634 1582 2691 et
1608 2628 1760 2710 paginam
1787 2629 1838 2692 in·

121 2723 288 2798 dicantes;
319 2727 399 2789 adeo
439 2733 475 2790 ut
509 2729 656 2792 alumnus
694 2729 743 2791 sel
780 2732 940 2811 magister,
983 2728 1023 2791 ad
1051 2745 1253 2808 quacumque
1280 2727 1393 2788 thesim
1428 2727 1609 2800 tenendam,
1649 2727 1834 2807 adjumento

121 2819 241 2882 babeat
255 2841 318 2884 noo
334 2829 456 2887 tantum
474 2825 669 2905 theologicos
685 2827 739 2889 sed
763 2834 793 2890 et
808 2828 987 2908 patrioticas
1002 2833 1160 2900 suctores,
1182 2825 1287 2900 idest,
1304 2825 1512 2888 universalem
1539 2823 1685 2888 Ecclesiae
1715 2824 1824 2886 catho-

122 2918 193 2980 licae
214 2919 431 2997 traditionem,
447 2924 536 2986 nullo
550 2942 613 2987 ass
627 2924 736 2988 labore
748 2926 904 3006 impenso,
921 2926 974 2988 sed
991 2925 1093 2987 alieno
1110 2924 1261 3003 gaudens.

164 3045 310 3106 Forsitan
325 3052 356 3110 et
368 3047 421 3110 bic
431 3048 569 3130 stupebit
584 3050 694 3128 lector,
720 3051 804 3131 quod
830 3051 951 3114 Indices
979 3051 1063 3113 circa
1091 3049 1315 3130 quodcumque
1337 3067 1437 3128 genus
1466 3048 1514 3110 vel
1543 3065 1675 3129 operum
1702 3047 1751 3111 sel
1777 3066 1834 3110 au·

121 3147 246 3204 ctorem
259 3146 414 3225 speciales
428 3166 492 3210 oon
513 3147 748 3227 addiderimus;
764 3151 819 3214 sed
835 3170 897 3215 non
912 3168 996 3230 egra
1010 3151 1102 3222 ierat,
1120 3166 1177 3210 noc
1188 3147 1272 3210 enim
1289 3147 1360 3210 ideo
1374 3147 1532 3210 deficient.
1549 3147 1742 3210 Prooemium
1773 3145 1835 3209 hoc

123 3239 265 3302 lodicum
282 3261 320 3306 ne
334 3245 460 3326 longius
475 3247 724 3328 protraheretur,
739 3248 811 3312 illos
826 3249 877 3311 bic
892 3269 955 3312 non
984 3265 1157 3329 apponere,
1173 3246 1228 3308 sed
1253 3246 1292 3308 ad
1321 3265 1413 3308 suurn
1442 3245 1651 3328 respectisum
1675 3244 1833 3324 objectum

122 3336 253 3417 rejicere
291 3343 477 3406 statuimus:
517 3345 573 3419 sic,
614 3365 644 3407 v.
687 3365 750 3427 gn,
792 3348 914 3410 indices
955 3345 1107 3427 speciales
1146 3345 1230 3407 circa
1269 3363 1366 3424 opera
1406 3351 1438 3407 et
1480 3351 1627 3406 auctores
1674 3343 1835 3423 dogmati·

122 3453 187 3510 cos,
219 3445 329 3518 postea
366 3441 406 3503 ad
443 3439 671 3521 ooGuArA;
705 3445 790 3508 circa
828 3463 926 3525 opera
967 3449 999 3507 et
1039 3449 1185 3505 auctores
1227 3441 1405 3519 historicos,
1438 3443 1479 3504 ad
1507 3439 1750 3504 HISTORIAM
1785 3458 1835 3502 re-

122 3532 285 3692 pebrientur
300 3556 307 3614 ;
325 3543 357 3601 et
380 3540 425 3602 sic
439 3543 479 3604 de
502 3541 581 3604 aliis.
608 3540 663 3603 llis
678 3541 780 3618 dictis,
799 3545 877 3621 vale,
895 3549 1010 3607 Lector
1036 3539 1198 3613 benevole,
1230 3545 1261 3602 et
1282 3539 1349 3619 jam
1378 3539 1493 3602 nostris
1521 3557 1584 3602 non
1610 3539 1720 3619 paucis
1747 3540 1836 3602 iocre

135 3648 154 3692 a
177 3632 296 3698 oribus.
